
% Journals

% First the Full Name is given, then the abbreviation used in the AMS Math
% Reviews, with an indication if it could not be found there.
% Note the 2nd overwrites the 1st, so swap them if you want the full name.

 %{AMS}
 @String{AMSTrans = "American Mathematical Society Translations" }
 @String{AMSTrans = "Amer. Math. Soc. Transl." }
 @String{BullAMS = "Bulletin of the American Mathematical Society" }
 @String{BullAMS = "Bull. Amer. Math. Soc." }
 @String{ProcAMS = "Proceedings of the American Mathematical Society" }
 @String{ProcAMS = "Proc. Amer. Math. Soc." }
 @String{TransAMS = "Transactions of the American Mathematical Society" }
 @String{TransAMS = "Trans. Amer. Math. Soc." }

 %ACM
 @String{CACM = "Communications of the {ACM}" }
 @String{CACM = "Commun. {ACM}" }
 @String{CompServ = "Comput. Surveys" }
 @String{JACM = "J. ACM" }
 @String{ACMMathSoft = "{ACM} Transactions on Mathematical Software" }
 @String{ACMMathSoft = "{ACM} Trans. Math. Software" }
 @String{SIGNUM = "{ACM} {SIGNUM} Newsletter" }
 @String{SIGNUM = "{ACM} {SIGNUM} Newslett." }

 @String{AmerSocio = "American Journal of Sociology" }
 @String{AmerStatAssoc = "Journal of the American Statistical Association" }
 @String{AmerStatAssoc = "J. Amer. Statist. Assoc." }
 @String{ApplMathComp = "Applied Mathematics and Computation" }
 @String{ApplMathComp = "Appl. Math. Comput." }
 @String{AmerMathMonthly = "American Mathematical Monthly" }
 @String{AmerMathMonthly = "Amer. Math. Monthly" }
 @String{BIT = "{BIT}" }
 @String{BritStatPsych = "British Journal of Mathematical and Statistical
          Psychology" }
 @String{BritStatPsych = "Brit. J. Math. Statist. Psych." }
 @String{CanMathBull = "Canadian Mathematical Bulletin" }
 @String{CanMathBull = "Canad. Math. Bull." }
 @String{CompApplMath = "Journal of Computational and Applied Mathematics" }
 @String{CompApplMath = "J. Comput. Appl. Math." }
 @String{CompPhys = "Journal of Computational Physics" }
 @String{CompPhys = "J. Comput. Phys." }
 @String{CompStruct = "Computers and Structures" }
 @String{CompStruct = "Comput. \& Structures" }
 @String{CompJour = "The Computer Journal" }
 @String{CompJour = "Comput. J." }
 @String{CompSysSci = "Journal of Computer and System Sciences" }
 @String{CompSysSci = "J. Comput. System Sci." }
 @String{Computing = "Computing" }
 @String{ContempMath = "Contemporary Mathematics" }
 @String{ContempMath = "Contemp. Math." }
 @String{Crelle = "Crelle's Journal" }
 @String{GiornaleMath = "Giornale di Mathematiche" }
 @String{GiornaleMath = "Giorn. Mat." } % didn't find in AMS MR., ibid.

 %IEEE
 @String{Computer = "{IEEE} Computer" }
 @String{IEEETransComp = "{IEEE} Transactions on Computers" }
 @String{IEEETransComp = "{IEEE} Trans. Comput." }
 @String{IEEETransAC = "{IEEE} Transactions on Automatic Control" }
 @String{IEEETransAC = "{IEEE} Trans. Automat. Control" }
 @String{IEEESpec = "{IEEE} Spectrum" } % didn't find in AMS MR
 @String{ProcIEEE = "Proceedings of the {IEEE}" }
 @String{ProcIEEE = "Proc. {IEEE}" } % didn't find in AMS MR
 @String{IEEETransAeroElec = "{IEEE} Transactions on Aerospace and Electronic
     Systems" }
 @String{IEEETransAeroElec = "{IEEE} Trans. Aerospace Electron. Systems" }

 @String{IMANumerAna = "{IMA} Journal of Numerical Analysis" }
 @String{IMANumerAna = "{IMA} J. Numer. Anal." }
 @String{InfProcLet = "Information Processing Letters" }
 @String{InfProcLet = "Inform. Process. Lett." }
 @String{InstMathApp = "Journal of the Institute of Mathematics and
     its Applications" }
 @String{InstMathApp = "J. Inst. Math. Appl." }
 @String{IntControl = "International Journal of Control" }
 @String{IntControl = "Internat. J. Control" }
 @String{IntNumerEng = "International Journal for Numerical Methods in
     Engineering" }
 @String{IntNumerEng = "Internat. J. Numer. Methods Engrg." }
 @String{IntSuper = "International Journal of Supercomputing Applications" }
 @String{IntSuper = "Internat. J. Supercomputing Applic." } % didn't find
%% in AMS MR
 @String{Kibernetika = "Kibernetika" }
 @String{JResNatBurStand = "Journal of Research of the National Bureau
     of Standards" }
 @String{JResNatBurStand = "J. Res. Nat. Bur. Standards" }
 @String{LinAlgApp = "Linear Algebra and its Applications" }
 @String{LinAlgApp = "Linear Algebra Appl." }
 @String{MathAnaAppl = "Journal of Mathematical Analysis and Applications" }
 @String{MathAnaAppl = "J. Math. Anal. Appl." }
 @String{MathAnnalen = "Mathematische Annalen" }
 @String{MathAnnalen = "Math. Ann." }
 @String{MathPhys = "Journal of Mathematical Physics" }
 @String{MathPhys = "J. Math. Phys." }
 @String{MathComp = "Mathematics of Computation" }
 @String{MathComp = "Math. Comp." }
 @String{MathScand = "Mathematica Scandinavica" }
 @String{MathScand = "Math. Scand." }
 @String{TablesAidsComp = "Mathematical Tables and Other Aids to Computation" }
 @String{TablesAidsComp = "Math. Tables Aids Comput." }
 @String{NumerMath = "Numerische Mathematik" }
 @String{NumerMath = "Numer. Math." }
 @String{PacificMath = "Pacific Journal of Mathematics" }
 @String{PacificMath = "Pacific J. Math." }
 @String{ParDistComp = "Journal of Parallel and Distributed Computing" }
 @String{ParDistComp = "J. Parallel and Distrib. Comput." } % didn't find
%% in AMS MR
 @String{ParComputing = "Parallel Computing" }
 @String{ParComputing = "Parallel Comput." }
 @String{PhilMag = "Philosophical Magazine" }
 @String{PhilMag = "Philos. Mag." }
 @String{ProcNAS = "Proceedings of the National Academy of Sciences
                    of the USA" }
 @String{ProcNAS = "Proc. Nat. Acad. Sci. U. S. A." }
 @String{Psychometrika = "Psychometrika" }
 @String{QuartMath = "Quarterly Journal of Mathematics, Oxford, Series (2)" }
 @String{QuartMath = "Quart. J. Math. Oxford Ser. (2)" }
 @String{QuartApplMath = "Quarterly of Applied Mathematics" }
 @String{QuartApplMath = "Quart. Appl. Math." }
 @String{RevueInstStat = "Review of the International Statisical Institute" }
 @String{RevueInstStat = "Rev. Inst. Internat. Statist." }

 %SIAM
 @String{JSIAM = "Journal of the Society for Industrial and Applied
     Mathematics" }
 @String{JSIAM = "J. Soc. Indust. Appl. Math." }
 @String{JSIAMB = "Journal of the Society for Industrial and Applied
     Mathematics, Series B, Numerical Analysis" }
 @String{JSIAMB = "J. Soc. Indust. Appl. Math. Ser. B Numer. Anal." }
 @String{SIAMAlgMeth = "{SIAM} Journal on Algebraic and Discrete Methods" }
 @String{SIAMAlgMeth = "{SIAM} J. Algebraic Discrete Methods" }
 @String{SIAMAppMath = "{SIAM} Journal on Applied Mathematics" }
 @String{SIAMAppMath = "{SIAM} J. Appl. Math." }
 @String{SIAMComp = "{SIAM} Journal on Computing" }
 @String{SIAMComp = "{SIAM} J. Comput." }
 @String{SIAMMatrix = "{SIAM} Journal on Matrix Analysis and Applications" }
 @String{SIAMMatrix = "{SIAM} J. Matrix Anal. Appl." }
 @String{SIAMNumAnal = "{SIAM} Journal on Numerical Analysis" }
 @String{SIAMNumAnal = "{SIAM} J. Numer. Anal." }
 @String{SIAMReview = "{SIAM} Review" }
 @String{SIAMReview = "{SIAM} Rev." }
 @String{SIAMSciStat = "{SIAM} Journal on Scientific and Statistical
     Computing" }
 @String{SIAMSciStat = "{SIAM} J. Sci. Statist. Comput." }

 @String{SoftPracExp = "Software Practice and Experience" }
 @String{SoftPracExp = "Software Prac. Experience" } % didn't find in AMS MR
 @String{StatScience = "Statistical Science" }
 @String{StatScience = "Statist. Sci." }
 @String{Techno = "Technometrics" }
 @String{USSRCompMathPhys = "{USSR} Computational Mathematics and Mathematical
     Physics" }
 @String{USSRCompMathPhys = "{U. S. S. R.} Comput. Math. and Math. Phys." }
 @String{VLSICompSys = "Journal of {VLSI} and Computer Systems" }
 @String{VLSICompSys = "J. {VLSI} Comput. Syst." }
 @String{ZAngewMathMech = "Zeitschrift fur Angewandte Mathematik und
     Mechanik" }
 @String{ZAngewMathMech = "Z. Angew. Math. Mech." }
 @String{ZAngewMathPhys = "Zeitschrift fur Angewandte Mathematik und Physik" }
 @String{ZAngewMathPhys = "Z. Angew. Math. Phys." }

% Publishers % ================================================= |

 @String{Academic = "Academic Press" }
 @String{ACMPress = "{ACM} Press" }
 @String{AdamHilger = "Adam Hilger" }
 @String{AddisonWesley = "Addison-Wesley" }
 @String{AllynBacon = "Allyn and Bacon" }
 @String{AMS = "American Mathematical Society" }
 @String{Birkhauser = "Birkha{\"u}ser" }
 @String{CambridgePress = "Cambridge University Press" }
 @String{Chelsea = "Chelsea" }
 @String{ClaredonPress = "Claredon Press" }
 @String{DoverPub = "Dover Publications" }
 @String{Eyolles = "Eyolles" }
 @String{HoltRinehartWinston = "Holt, Rinehart and Winston" }
 @String{Interscience = "Interscience" }
 @String{JohnsHopkinsPress = "The Johns Hopkins University Press" }
 @String{JohnWileySons = "John Wiley and Sons" }
 @String{Macmillan = "Macmillan" }
 @String{MathWorks = "The Math Works Inc." }
 @String{McGrawHill = "McGraw-Hill" }
 @String{NatBurStd = "National Bureau of Standards" }
 @String{NorthHolland = "North-Holland" }
 @String{OxfordPress = "Oxford University Press" }  %address Oxford or London?
 @String{PergamonPress = "Pergamon Press" }
 @String{PlenumPress = "Plenum Press" }
 @String{PrenticeHall = "Prentice-Hall" }
 @String{SIAMPub = "{SIAM} Publications" }
 @String{Springer = "Springer-Verlag" }
 @String{TexasPress = "University of Texas Press" }
 @String{VanNostrand = "Van Nostrand" }
 @String{WHFreeman = "W. H. Freeman and Co." }



@inproceedings{DBLP:conf/dalt/MoreiraVBH05,
  author       = {{\'{A}}lvaro F. Moreira and
                  Renata Vieira and
                  Rafael H. Bordini and
                  Jomi Fred H{\"{u}}bner},
  editor       = {Matteo Baldoni and
                  Ulle Endriss and
                  Andrea Omicini and
                  Paolo Torroni},
  title        = {Agent-Oriented Programming with Underlying Ontological Reasoning},
  booktitle    = {Declarative Agent Languages and Technologies III, Third International
                  Workshop, {DALT} 2005, Utrecht, The Netherlands, July 25, 2005, Selected
                  and Revised Papers},
  series       = {Lecture Notes in Computer Science},
  volume       = {3904},
  pages        = {155--170},
  publisher    = {Springer},
  year         = {2005},
  url          = {https://doi.org/10.1007/11691792\_10},
  doi          = {10.1007/11691792\_10},
  timestamp    = {Tue, 29 Dec 2020 18:32:12 +0100},
  biburl       = {https://dblp.org/rec/conf/dalt/MoreiraVBH05.bib},
  bibsource    = {dblp computer science bibliography, https://dblp.org}
}

@inproceedings{DBLP:conf/dalt/KlapiscakB08,
  author       = {Thomas Klapiscak and
                  Rafael H. Bordini},
  editor       = {Matteo Baldoni and
                  Tran Cao Son and
                  M. Birna van Riemsdijk and
                  Michael Winikoff},
  title        = {{JASDL:} {A} Practical Programming Approach Combining Agent and Semantic
                  Web Technologies},
  booktitle    = {Declarative Agent Languages and Technologies VI, 6th International
                  Workshop, {DALT} 2008, Estoril, Portugal, May 12, 2008, Revised Selected
                  and Invited Papers},
  series       = {Lecture Notes in Computer Science},
  volume       = {5397},
  pages        = {91--110},
  publisher    = {Springer},
  year         = {2008},
  url          = {https://doi.org/10.1007/978-3-540-93920-7\_7},
  doi          = {10.1007/978-3-540-93920-7\_7},
  timestamp    = {Tue, 14 May 2019 10:00:41 +0200},
  biburl       = {https://dblp.org/rec/conf/dalt/KlapiscakB08.bib},
  bibsource    = {dblp computer science bibliography, https://dblp.org}
}

@article{hendlerb2007expert,
  author       = {James A. Hendler},
  title        = {Where Are All the Intelligent Agents?},
  journal      = {{IEEE} Intell. Syst.},
  volume       = {22},
  number       = {3},
  pages        = {2--3},
  year         = {2007},
  url          = {https://doi.org/10.1109/MIS.2007.62},
  doi          = {10.1109/MIS.2007.62},
  timestamp    = {Fri, 09 Apr 2021 18:34:12 +0200},
  biburl       = {https://dblp.org/rec/journals/expert/Hendler07b.bib},
  bibsource    = {dblp computer science bibliography, https://dblp.org}
}


@article{lassila2001semantic,
  title={The semantic web},
  author={Lassila, Ora and Hendler, J and Berners-Lee, T},
  journal={Scientific american},
  volume={284},
  number={5},
  pages={34--43},
  year={2001}
}

@inproceedings{DBLP:conf/edoc/ShafiqDF06,
  author       = {M. Omair Shafiq and
                  Ying Ding and
                  Dieter Fensel},
  title        = {Bridging Multi Agent Systems and Web Services: towards interoperability
                  between Software Agents and Semantic Web Services},
  booktitle    = {Tenth {IEEE} International Enterprise Distributed Object Computing
                  Conference {(EDOC} 2006), 16-20 October 2006, Hong Kong, China},
  pages        = {85--96},
  publisher    = {{IEEE} Computer Society},
  year         = {2006},
  url          = {https://doi.org/10.1109/EDOC.2006.18},
  doi          = {10.1109/EDOC.2006.18},
  timestamp    = {Fri, 24 Mar 2023 00:04:50 +0100},
  biburl       = {https://dblp.org/rec/conf/edoc/ShafiqDF06.bib},
  bibsource    = {dblp computer science bibliography, https://dblp.org}
}


@misc{frey2023benchmarkingabilitieslargelanguage,
      title={Benchmarking the Abilities of Large Language Models for RDF Knowledge Graph Creation and Comprehension: How Well Do LLMs Speak Turtle?}, 
      author={Johannes Frey and Lars-Peter Meyer and Natanael Arndt and Felix Brei and Kirill Bulert},
      year={2023},
      eprint={2309.17122},
      archivePrefix={arXiv},
      primaryClass={cs.AI},
      url={https://arxiv.org/abs/2309.17122}, 
}

@article{pan2024tkde,
  author       = {Shirui Pan and
                  Linhao Luo and
                  Yufei Wang and
                  Chen Chen and
                  Jiapu Wang and
                  Xindong Wu},
  title        = {Unifying Large Language Models and Knowledge Graphs: {A} Roadmap},
  journal      = {{IEEE} Trans. Knowl. Data Eng.},
  volume       = {36},
  number       = {7},
  pages        = {3580--3599},
  year         = {2024},
  url          = {https://doi.org/10.1109/TKDE.2024.3352100},
  doi          = {10.1109/TKDE.2024.3352100},
  timestamp    = {Sun, 19 Jan 2025 13:53:50 +0100},
  biburl       = {https://dblp.org/rec/journals/tkde/PanLWCWW24.bib},
  bibsource    = {dblp computer science bibliography, https://dblp.org}
}

@article{acharya2025access,
  author       = {Deepak Bhaskar Acharya and
                  Karthigeyan Kuppan and
                  Divya Bhaskaracharya},
  title        = {Agentic {AI:} Autonomous Intelligence for Complex Goals - {A} Comprehensive
                  Survey},
  journal      = {{IEEE} Access},
  volume       = {13},
  pages        = {18912--18936},
  year         = {2025},
  url          = {https://doi.org/10.1109/ACCESS.2025.3532853},
  doi          = {10.1109/ACCESS.2025.3532853},
  timestamp    = {Mon, 03 Mar 2025 21:25:20 +0100},
  biburl       = {https://dblp.org/rec/journals/access/AcharyaKB25.bib},
  bibsource    = {dblp computer science bibliography, https://dblp.org}
}


@inproceedings{DBLP:conf/icse/FieldingT00,
  author       = {Roy T. Fielding and
                  Richard N. Taylor},
  editor       = {Carlo Ghezzi and
                  Mehdi Jazayeri and
                  Alexander L. Wolf},
  title        = {Principled design of the modern Web architecture},
  booktitle    = {Proceedings of the 22nd International Conference on on Software Engineering,
                  {ICSE} 2000, Limerick Ireland, June 4-11, 2000},
  pages        = {407--416},
  publisher    = {{ACM}},
  year         = {2000},
  url          = {https://doi.org/10.1145/337180.337228},
  doi          = {10.1145/337180.337228},
  timestamp    = {Wed, 14 Nov 2018 10:57:07 +0100},
  biburl       = {https://dblp.org/rec/conf/icse/FieldingT00.bib},
  bibsource    = {dblp computer science bibliography, https://dblp.org}
}


@TECHREPORT{wotarch,
  author = {Michael Lagally and Ryuichi Matsukura and Michael McCool and Kunihiko Toumura and Kazuo Kajimoto and Toru Kawaguchi and Matthias Kovatsch},
  institution = {World Wide Web Consortium},
  url = {https://www.w3.org/TR/2023/REC-wot-architecture11-20231205/},
  title = {{Web of Things (WoT) Architecture}},
  type = {{W3C Recommendation}},
  keywords = {Web of Things, W3C Recommendation},
  year = {2023}
}


@inproceedings{DBLP:conf/atal/CiorteaMGBRZ19,
  author       = {Andrei Ciortea and
                  Simon Mayer and
                  Fabien Gandon and
                  Olivier Boissier and
                  Alessandro Ricci and
                  Antoine Zimmermann},
  editor       = {Edith Elkind and
                  Manuela Veloso and
                  Noa Agmon and
                  Matthew E. Taylor},
  title        = {A Decade in Hindsight: The Missing Bridge Between Multi-Agent Systems
                  and the World Wide Web},
  booktitle    = {Proceedings of the 18th International Conference on Autonomous Agents
                  and MultiAgent Systems, {AAMAS} '19, Montreal, QC, Canada, May 13-17,
                  2019},
  pages        = {1659--1663},
  publisher    = {International Foundation for Autonomous Agents and Multiagent Systems},
  year         = {2019},
  url          = {http://dl.acm.org/citation.cfm?id=3331893},
  timestamp    = {Fri, 16 Apr 2021 10:04:12 +0200},
  biburl       = {https://dblp.org/rec/conf/atal/CiorteaMGBRZ19.bib},
  bibsource    = {dblp computer science bibliography, https://dblp.org}
}



@inproceedings{DBLP:conf/maamaw/Rao96,
  author       = {Anand S. Rao},
  editor       = {Walter Van de Velde and
                  John W. Perram},
  title        = {AgentSpeak(L): {BDI} Agents Speak Out in a Logical Computable Language},
  booktitle    = {Agents Breaking Away, 7th European Workshop on Modelling Autonomous
                  Agents in a Multi-Agent World, Eindhoven, The Netherlands, January
                  22-25, 1996, Proceedings},
  series       = {Lecture Notes in Computer Science},
  volume       = {1038},
  pages        = {42--55},
  publisher    = {Springer},
  year         = {1996},
  url          = {https://doi.org/10.1007/BFb0031845},
  doi          = {10.1007/BFB0031845},
  timestamp    = {Tue, 14 May 2019 10:00:48 +0200},
  biburl       = {https://dblp.org/rec/conf/maamaw/Rao96.bib},
  bibsource    = {dblp computer science bibliography, https://dblp.org}
}

@article{georgeff1986pieee,
  author       = {Michael P. Georgeff and
                  Amy L. Lansky},
  title        = {Procedural knowledge},
  journal      = {Proc. {IEEE}},
  volume       = {74},
  number       = {10},
  pages        = {1383--1398},
  year         = {1986},
  url          = {https://doi.org/10.1109/PROC.1986.13639},
  doi          = {10.1109/PROC.1986.13639},
  timestamp    = {Thu, 25 Aug 2022 16:16:35 +0200},
  biburl       = {https://dblp.org/rec/journals/pieee/GeorgeffL86.bib},
  bibsource    = {dblp computer science bibliography, https://dblp.org}
}


@inproceedings{DBLP:conf/atal/GeorgeffPPTW98,
  author       = {Michael P. Georgeff and
                  Barney Pell and
                  Martha E. Pollack and
                  Milind Tambe and
                  Michael J. Wooldridge},
  editor       = {J{\"{o}}rg P. M{\"{u}}ller and
                  Munindar P. Singh and
                  Anand S. Rao},
  title        = {The Belief-Desire-Intention Model of Agency},
  booktitle    = {Intelligent Agents V, Agent Theories, Architectures, and Languages,
                  5th International Workshop, {ATAL} '98, Paris, France, July 4-7, 1998,
                  Proceedings},
  series       = {Lecture Notes in Computer Science},
  volume       = {1555},
  pages        = {1--10},
  publisher    = {Springer},
  year         = {1998},
  url          = {https://doi.org/10.1007/3-540-49057-4\_1},
  doi          = {10.1007/3-540-49057-4\_1},
  timestamp    = {Tue, 29 Dec 2020 18:27:45 +0100},
  biburl       = {https://dblp.org/rec/conf/atal/GeorgeffPPTW98.bib},
  bibsource    = {dblp computer science bibliography, https://dblp.org}
}


@inproceedings{DBLP:conf/woa/MascardiDA05,
  author       = {Viviana Mascardi and
                  Daniela Demergasso and
                  Davide Ancona},
  editor       = {Flavio Corradini and
                  Flavio De Paoli and
                  Emanuela Merelli and
                  Andrea Omicini},
  title        = {Languages for Programming BDI-style Agents: an Overview},
  booktitle    = {{WOA} 2005: Dagli Oggetti agli Agenti. 6th AI*IA/TABOO Joint Workshop
                  "From Objects to Agents": Simulation and Formal Analysis of Complex
                  Systems, 14-16 November 2005, Camerino, MC, Italy},
  pages        = {9--15},
  publisher    = {Pitagora Editrice Bologna},
  year         = {2005},
  url          = {http://lia.deis.unibo.it/books/woa2005/papers/2.pdf},
  timestamp    = {Thu, 12 Mar 2020 11:37:40 +0100},
  biburl       = {https://dblp.org/rec/conf/woa/MascardiDA05.bib},
  bibsource    = {dblp computer science bibliography, https://dblp.org}
}


@book{bordini2007programming,
  title={Programming multi-agent systems in AgentSpeak using Jason},
  author={Bordini, Rafael H and H{\"u}bner, Jomi Fred and Wooldridge, Michael},
  year={2007},
  publisher={John Wiley \& Sons}
}

@incollection{map2005sp,
  author       = {Alexander Pokahr and
                  Lars Braubach and
                  Winfried Lamersdorf},
  editor       = {Rafael H. Bordini and
                  Mehdi Dastani and
                  J{\"{u}}rgen Dix and
                  Amal El Fallah Seghrouchni},
  title        = {Jadex: {A} {BDI} Reasoning Engine},
  booktitle    = {Multi-Agent Programming: Languages, Platforms and Applications},
  series       = {Multiagent Systems, Artificial Societies, and Simulated Organizations},
  volume       = {15},
  pages        = {149--174},
  publisher    = {Springer},
  year         = {2005},
  timestamp    = {Wed, 12 Aug 2020 21:55:15 +0200},
  biburl       = {https://dblp.org/rec/books/sp/map2005/PokahrBL05.bib},
  bibsource    = {dblp computer science bibliography, https://dblp.org}
}

@inproceedings{kampik2019emas,
  author       = {Timotheus Kampik and
                  Juan Carlos Nieves},
  editor       = {Louise A. Dennis and
                  Rafael H. Bordini and
                  Yves Lesp{\'{e}}rance},
  title        = {JS-son - {A} Lean, Extensible JavaScript Agent Programming Library},
  booktitle    = {Engineering Multi-Agent Systems - 7th International Workshop, {EMAS}
                  2019, Montreal, QC, Canada, May 13-14, 2019, Revised Selected Papers},
  series       = {Lecture Notes in Computer Science},
  volume       = {12058},
  pages        = {215--234},
  publisher    = {Springer},
  year         = {2019},
  url          = {https://doi.org/10.1007/978-3-030-51417-4\_11},
  doi          = {10.1007/978-3-030-51417-4\_11},
  timestamp    = {Thu, 06 Aug 2020 21:49:23 +0200},
  biburl       = {https://dblp.org/rec/conf/emas/KampikN19.bib},
  bibsource    = {dblp computer science bibliography, https://dblp.org}
}

@TECHREPORT{sparqlprotocol,
  author = {Feigenbaum and Williams and Clark and Torres},
  institution = "w3c",
  url = {http://www.w3.org/TR/2013/REC-sparql11-protocol-20130321/},
  title = {{SPARQL 1.1 Protocol, W3C Recommendation 21 March 2013}},
  type = {{W3C Recommendation}},
  keywords = {SPARQL, W3C Recommendation},
  year = {2013}
}

@article{samuel2008tplp,
  author       = {Ken Samuel and
                  Leo Obrst and
                  Suzette Stoutenburg and
                  Karen Fox and
                  Paul Franklin and
                  Adrian Johnson and
                  Kenneth J. Laskey and
                  Deborah Nichols and
                  Steve Lopez and
                  Jason Peterson},
  title        = {Translating {OWL} and semantic web rules into prolog: Moving toward
                  description logic programs},
  journal      = {Theory Pract. Log. Program.},
  volume       = {8},
  number       = {3},
  pages        = {301--322},
  year         = {2008},
  url          = {https://doi.org/10.1017/S1471068407003249},
  doi          = {10.1017/S1471068407003249},
  timestamp    = {Thu, 13 Feb 2020 14:39:40 +0100},
  biburl       = {https://dblp.org/rec/journals/tplp/SamuelOSFFJLNLP08.bib},
  bibsource    = {dblp computer science bibliography, https://dblp.org}
}

@article{MeneguzziS15,
	author = {Meneguzzi, Felipe and de Silva, Lavindra},
	bibsource = {dblp computer science bibliography, https://dblp.org},
	biburl = {https://dblp.org/rec/journals/ker/MeneguzziS15.bib},
	doi = {10.1017/S0269888913000337},
	journal = {Knowl. Eng. Rev.},
	number = {1},
	pages = {1--44},
	timestamp = {Thu, 27 Aug 2020 13:19:54 +0200},
	title = {Planning in {BDI} agents: a survey of the integration of planning algorithms and agent reasoning},
	url = {https://doi.org/10.1017/S0269888913000337},
	volume = {30},
	year = {2015},
	bdsk-url-1 = {https://doi.org/10.1017/S0269888913000337}}


  @inproceedings{schmid2024kgswc,
  author       = {Sebastian Schmid and
                  Michael Freund and
                  Andreas Harth},
  editor       = {Sanju Tiwari and
                  Boris Villaz{\'{o}}n{-}Terrazas and
                  Fernando Ortiz{-}Rodr{\'{\i}}guez and
                  Soror Sahri},
  title        = {Adaptive Planning on the Web: Using LLMs and Affordances for Web Agents},
  booktitle    = {Knowledge Graphs and Semantic Web - 6th International Conference,
                  {KGSWC} 2024, Paris, France, December 11-13, 2024, Proceedings},
  series       = {Lecture Notes in Computer Science},
  volume       = {15459},
  pages        = {93--108},
  publisher    = {Springer},
  year         = {2024},
  url          = {https://doi.org/10.1007/978-3-031-81221-7\_7},
  doi          = {10.1007/978-3-031-81221-7\_7},
  timestamp    = {Tue, 25 Feb 2025 16:59:34 +0100},
  biburl       = {https://dblp.org/rec/conf/kgswc/SchmidFH24.bib},
  bibsource    = {dblp computer science bibliography, https://dblp.org}
}

@article{weyns2007aamas,
  author       = {Danny Weyns and
                  Andrea Omicini and
                  James Odell},
  title        = {Environment as a first class abstraction in multiagent systems},
  journal      = {Auton. Agents Multi Agent Syst.},
  volume       = {14},
  number       = {1},
  pages        = {5--30},
  year         = {2007},
  url          = {https://doi.org/10.1007/s10458-006-0012-0},
  doi          = {10.1007/S10458-006-0012-0},
  timestamp    = {Tue, 29 Dec 2020 18:21:00 +0100},
  biburl       = {https://dblp.org/rec/journals/aamas/WeynsOO07.bib},
  bibsource    = {dblp computer science bibliography, https://dblp.org}
}
